<?xml version="1.0" encoding="UTF-8"?><record xmlns="http://www.loc.gov/MARC21/slim" xmlns:cinclude="http://apache.org/cocoon/include/1.0" xmlns:zs="http://www.loc.gov/zing/srw/">
  <leader>00433cz  a2200133n  4500</leader>
  <controlfield tag="001">n  80073069 </controlfield>
  <controlfield tag="003">DLC</controlfield>
  <controlfield tag="005">20090206080137.0</controlfield>
  <controlfield tag="008">800804n| acannaabn          |n aaa      </controlfield>
  <datafield tag="010" ind1=" " ind2=" ">
    <subfield code="a">n  80073069 </subfield>
  </datafield>
  <datafield tag="035" ind1=" " ind2=" ">
    <subfield code="a">(OCoLC)oca00454515</subfield>
  </datafield>
  <datafield tag="040" ind1=" " ind2=" ">
    <subfield code="a">DLC</subfield>
    <subfield code="b">eng</subfield>
    <subfield code="c">DLC</subfield>
    <subfield code="d">OCoLC</subfield>
  </datafield>
  <datafield tag="100" ind1="1" ind2=" ">
    <subfield code="a">Gliwiński, Jerzy</subfield>
  </datafield>
  <datafield tag="670" ind1=" " ind2=" ">
    <subfield code="a">Metody sprawdzania narzędzi do pomiarów długości i kąta, 1979 (a.e.)</subfield>
    <subfield code="b">t.p. (Jerzego Gliwińskiego) verso t.p. (dr inż.)</subfield>
  </datafield>
</record>